@misc{musdb18,
  title = {MUSDB18 - A Corpus for Music Separation},
  author = {SigSep},
  year = {2017},
  publisher = {Signal Separation Evaluation Campaign (SiSEC)},
  howpublished = {\url{https://sigsep.github.io/datasets/musdb.html}},
  note = {Accessed: 2024-06-18}
}

@inproceedings{xu2018youtubevos,
  title = {YouTube-VOS: A Large-Scale Video Object Segmentation Benchmark},
  author = {Xu, Ning and Yang, Linjie and Fan, Yuchen and others},
  booktitle = {Proceedings of the European Conference on Computer Vision (ECCV)},
  year = {2018},
  pages = {585--601},
  url = {https://youtube-vos.org/}
}

@article{alquraishi2019prot,
  title = {ProteinNet: A Standardized Data Set for Machine Learning of Protein Structure},
  author = {AlQuraishi, Mohammed},
  journal = {BMC Bioinformatics},
  volume = {20},
  number = {1},
  pages = {1--10},
  year = {2019},
  publisher = {BioMed Central},
  url = {https://www.biorxiv.org/content/10.1101/625467v4}
}

@misc{schuhmann2021laion400m,
  title = {LAION-400M: Open Dataset of CLIP-filtered 400 Million Image-Text Pairs},
  author = {Schuhmann, Christoph and Beaumont, Romain and Vencu, Richard and others},
  year = {2021},
  publisher = {LAION AI Research Organization},
  howpublished = {\url{https://laion.ai/blog/laion-400-open-dataset/}},
  note = {Accessed: 2024-06-18}
}

@article{defossez2021demucs,
  title = {Hybrid Spectrogram and Waveform Source Separation},
  author = {Défossez, Alexandre and Usunier, Nicolas and Bottou, Léon and Bach, Francis},
  journal = {arXiv preprint arXiv:2106.09685},
  year = {2021},
  url = {https://arxiv.org/abs/2106.09685}
}

@article{ke2020modnet,
  title = {Green Screen Matting with Deep Learning},
  author = {Ke, Liangzhe and Lee, Simon and Sunkavalli, Kalyan and Paris, Sylvain and Yang, Ming-Hsuan},
  journal = {arXiv preprint arXiv:2004.08372},
  year = {2020},
  url = {https://arxiv.org/abs/2004.08372}
}

@article{jumper2021alphafold,
  title = {Highly Accurate Protein Structure Prediction with AlphaFold},
  author = {Jumper, John and Evans, Richard and Pritzel, Alexander and others},
  journal = {Nature},
  volume = {596},
  number = {7873},
  pages = {583--589},
  year = {2021},
  publisher = {Nature Publishing Group},
  url = {https://www.nature.com/articles/s41586-021-03819-2}
}

@inproceedings{radford2021clip,
  title = {Learning Transferable Visual Models From Natural Language Supervision},
  author = {Radford, Alec and Kim, Jong Wook and Hallacy, M and others},
  booktitle = {International Conference on Machine Learning (ICML)},
  year = {2021},
  url = {https://arxiv.org/abs/2103.00020}
}

@article{alayrac2022flamingo,
  title = {Flamingo: A Visual Language Model for Few-Shot Learning},
  author = {Alayrac, Jean-Baptiste and Donahue, Jeff and Luc, Paul and others},
  journal = {arXiv preprint arXiv:2204.14198},
  year = {2022},
  url = {https://arxiv.org/abs/2204.14198}
}
